@MISC{numbermind,
Author={Project Euler},
title = {Number Mind},
Howpublished = {\url{http://projecteuler.net/index.php?section=problems&id=185}}
}
