@MISC{peaktraffic,
Author={Facebook},
title = {Peak Traffic},
Howpublished = {\url{http://www.facebook.com/careers/puzzles.php?puzzle_id=8}}
}
