@MISC{smallworld,
Author={Facebook engineering puzzles},
title = {It's a small world.},
Howpublished = {\url{http://www.facebook.com/careers/puzzles.php?puzzle_id=6}}
}

