@MISC{milkshakes,
Author={Facebook},
title = {Milkshakes},
Howpublished = {\url{http://code.google.com/codejam/contest/dashboard?c=32016#s=p1}}
}

@MISC{SAT,
Author={Wikipedia},
title={Boolean satisfiability problem},
Howpublished={\url{http://en.wikipedia.org/wiki/Boolean_satisfiability_problem}}}

@MISC{horn,
Author={Wikipedia},
title={Horn Clause},
Howpublished={\url{http://en.wikipedia.org/wiki/Horn_clause}}}
