@MISC{findsophie,
Author={Facebook},
title = {Find Sophie},
Howpublished = {\url{http://www.facebook.com/careers/puzzles.php?puzzle_id=11}}
}

@MISC{TSP,
Author={Wikipedia},
title={Traveling Salesman Problem},
Howpublished ={\url{http://en.wikipedia.org/wiki/Travelling_salesman_problem}}}

@MISC{floyd,
Author={Wikipedia},
title={Floyd-Warshall algorithm},
Howpublished={\url{http://en.wikipedia.org/wiki/Floyd%E2%80%93Warshall_algorithm}}}

