@MISC{fifteen,
Author={Wikipedia},
title = {Fifteen puzzle},
Howpublished = {\url{http://en.wikipedia.org/wiki/Fifteen_puzzle}}
}

@MISC{dijkstra,
Author={Wikipedia},
title={Dijkstra's algorithm},
Howpublished={\url{http://en.wikipedia.org/wiki/Dijkstra's_algorithm#Running_time}}
}
